% this is the bibliography file

@Misc{cite-nexus5,
  author = 	 {Google Nexus 5 Smartphone},
  title = 	 {},
  howpublished = {\url{http://www.gsmarena.com/lg_nexus_5-5705.php}},
  month = 	 {Accesed July},
  year = 	 {2017},
  annote = 	 {}
}

@Misc{cite-wifichip,
  author = 	 {BCM 4339 Wi-Fi chip},
  title = 	 {},
  howpublished = {\url{http://www.mouser.com/ds/2/100/Radio%20with%20Integrated%20Bluetooth%204.1%20and%20FM%20Receive-961626.pdf}},
  month = 	 {Accesed July},
  year = 	 {2017},
  annote = 	 {}
}

@Misc{cite-ifixit,
  author = 	 {Teardown of Google Nexus 5},
  title = 	 {},
  howpublished = {\url{https://www.ifixit.com/Teardown/Nexus+5+Teardown/19016#s53729}},
  month = 	 {Accesed July},
  year = 	 {2017},
  annote = 	 {}
}

@Misc{cite-brcmfmac,
  author = 	 {Source code for brcmfmac},
  title = 	 {},
  howpublished = {\url{https://github.com/torvalds/linux/tree/master/drivers/net/wireless/broadcom/brcm80211/brcmfmac}},
  month = 	 {Accesed July},
  year = 	 {2017},
  annote = 	 {}
}

@Misc{cite-lineage,
  author = 	 {Lineage OS},
  title = 	 {},
  howpublished = {\url{https://lineageos.org/}},
  month = 	 {Accesed July},
  year = 	 {2017},
  annote = 	 {}
}

@Misc{cite-router,
  author = 	 {TP-Link Archer C2 Router},
  title = 	 {},
  howpublished = {\url{http://www.tp-link.com.au/products/details/cat-9_Archer-C2.html}},
  month = 	 {Accesed July},
  year = 	 {2017},
  annote = 	 {}
}

@Misc{cite-monsoon,
  author = 	 {Monsoon Power Monitor},
  title = 	 {},
  howpublished = {\url{https://www.msoon.com/LabEquipment/PowerMonitor/}},
  month = 	 {Accesed July},
  year = 	 {2017},
  annote = 	 {}
}

@Misc{cite-manualmonsoon,
  author = 	 {Reference Manual for Monsoon Power Monitor},
  title = 	 {},
  howpublished = {\url{https://www.msoon.com/LabEquipment/PowerMonitor/downloads/PowerMonitor_ManualVer1.3.pdf}},
  month = 	 {Accesed July},
  year = 	 {2017},
  annote = 	 {}
}

@Misc{cite-compilingcm13,
  author = 	 {Cyanogen Mod 13 compilation for Nexus 5 Smartphone},
  title = 	 {},
  howpublished = {\url{https://zifnab.net/~zifnab/wiki_dump/Build_for_hammerhead.html}},
  month = 	 {Accesed August},
  year = 	 {2017},
  annote = 	 {}
}

@Misc{cite-proprietaryblobs,
  author = 	 {Proprietary Blobs Explanation},
  title = 	 {},
  howpublished = {\url{https://wiki.lineageos.org/proprietary_blobs.html}},
  month = 	 {Accesed August},
  year = 	 {2017},
  annote = 	 {}
}

@Misc{cite-twrp,
  author = 	 {Team Win Recovery Project},
  title = 	 {},
  howpublished = {\url{https://en.wikipedia.org/wiki/TWRP}},
  month = 	 {Accesed August},
  year = 	 {2017},
  annote = 	 {}
}

@Misc{cite-p2ppatch,
  author = 	 {Wi-Fi Direct Patch for P2P-GO Election},
  title = 	 {},
  howpublished = {\url{https://drive.google.com/open?id=0B5SBH08PU_ChOFU0SWRQOHVGYnc}},
  month = 	 {Accesed August},
  year = 	 {2017},
  annote = 	 {}
}

@Misc{cite-intel7260,
  author = 	 {Intel Dual Band Wireless-AC 7260 card},
  title = 	 {},
  howpublished = {\url{https://www.intel.com/content/www/us/en/products/wireless/wireless-products/dual-band-wireless-ac-7260.html}},
  month = 	 {Accesed August},
  year = 	 {2017},
  annote = 	 {}
}

@Misc{cite-monitordiscussion,
  author = 	 {Monitor Mode for Intel 7260 card},
  title = 	 {},
  howpublished = {\url{http://www.spinics.net/lists/linux-wireless/msg149435.html}},
  month = 	 {Accesed August},
  year = 	 {2017},
  annote = 	 {}
}

@Misc{cite-wireshark,
  author = 	 {Wireshark - software for packet analysis},
  title = 	 {},
  howpublished = {\url{https://www.wireshark.org/}},
  month = 	 {Accesed August},
  year = 	 {2017},
  annote = 	 {}
}

@Misc{cite-tplink,
  author = 	 {TP-LinK TL-WN722N - WiFi dongle},
  title = 	 {},
  howpublished = {\url{http://www.tp-link.com/lk/download/TL-WN722N.html}},
  month = 	 {Accesed August},
  year = 	 {2017},
  annote = 	 {}
}

@Misc{cite-wakesdiscussion,
  author = 	 {Power Management on Android - Mailing List Discussion},
  title = 	 {},
  howpublished = {\url{http://lkml.iu.edu/hypermail/linux/kernel/1006.2/01499.html}},
  month = 	 {Accesed August},
  year = 	 {2017},
  annote = 	 {}
}

@Misc{cite-firmware,
  author = 	 {Github repository for AR9271 firmware},
  title = 	 {},
  howpublished = {\url{https://github.com/qca/open-ath9k-htc-firmware}},
  month = 	 {Accesed August},
  year = 	 {2017},
  annote = 	 {}
}

@Misc{cite-ar9271,
  author = 	 {Discussion about AR9271 power pins},
  title = 	 {},
  howpublished = {\url{https://github.com/qca/open-ath9k-htc-firmware/issues/108}},
  month = 	 {Accesed August},
  year = 	 {2017},
  annote = 	 {}
}

@Misc{cite-powersavestandard,
  author = 	 {IEEE80211 Power Save Overview},
  title = 	 {},
  howpublished = {\url{https://wireless.wiki.kernel.org/en/developers/documentation/ieee80211/power-savings}},
  month = 	 {Accesed August},
  year = 	 {2017},
  annote = 	 {}
}

@Misc{cite-wikisingleps,
  author = 	 {Article describing default PS for ath9k_htc driver},
  title = 	 {},
  howpublished = {\url{https://github.com/doru91/linux-stable/wiki/Single-Interface-Power-Save}},
  month = 	 {Accesed August},
  year = 	 {2017},
  annote = 	 {}
}

@Misc{cite-bugps,
  author = 	 {Discussion about power save bug on AR9271 chip},
  title = 	 {},
  howpublished = {\url{https://github.com/qca/open-ath9k-htc-firmware/issues/125}},
  month = 	 {Accesed August},
  year = 	 {2017},
  annote = 	 {}
}

@Misc{cite-wcn,
  author = 	 {wcn36xx - mac80211-compatible driver for Nexus 4},
  title = 	 {},
  howpublished = {\url{https://wireless.wiki.kernel.org/en/users/drivers/wcn36xx}},
  month = 	 {Accesed August},
  year = 	 {2017},
  annote = 	 {}
}


@Misc{cite-wcndiscussion,
  author = 	 {wcn36xx - firmware discussion},
  title = 	 {},
  howpublished = {\url{http://lists.infradead.org/pipermail/wcn36xx/2016-August/001679.html}},
  month = 	 {Accesed August},
  year = 	 {2017},
  annote = 	 {}
}





